<?xml version="1.0" encoding="UTF-8" ?>
<collection xmlns:xsi="http://www.w3.org/2001/XMLSchema-instance"
    xsi:schemaLocation="http://www.loc.gov/MARC21/slim
        http://www.loc.gov/standards/marcxml/schema/MARC21slim.xsd"
    xmlns="http://www.loc.gov/MARC21/slim">
<record>
  <leader>00232cam a2200433 ia4500</leader>
  <controlfield tag="001">b12475191</controlfield>
  <controlfield tag="003">LeBAU</controlfield>
  <controlfield tag="005">20170210</controlfield>
  <controlfield tag="008">970531m19111912tu            ||0 0 ara d</controlfield>
  <datafield tag="035" ind1=" " ind2=" ">
    <subfield code="a">ocn784334396</subfield>
  </datafield>
  <datafield tag="040" ind1=" " ind2=" ">
    <subfield code="a">LEAUB</subfield>
    <subfield code="b">ara</subfield>
    <subfield code="e">rda</subfield>
    <subfield code="c">LEAUB</subfield>
    <subfield code="d">LEAUB</subfield>
  </datafield>
  <datafield tag="082" ind1="0" ind2="4">
    <subfield code="a">349.297</subfield>
    <subfield code="2">20</subfield>
  </datafield>
  <datafield tag="100" ind1="0" ind2=" ">
    <subfield code="6">880-01</subfield>
    <subfield code="a">Hüsrev,</subfield>
    <subfield code="c">Molla,</subfield>
    <subfield code="d">-1480,</subfield>
    <subfield code="e">author.</subfield>
  </datafield>
  <datafield tag="245" ind1="1" ind2="0">
    <subfield code="6">880-02</subfield>
    <subfield code="a">Kitāb al-Durar al-Ḥukkām fī sharḥ ghurar al-Aḥkām /</subfield>
    <subfield code="c">ta’līf al-‘allāmah al-muḥaqqiq wa-al-fahhāmah al-mudaqqiq mawlānā al-qāḍī Muḥammad ibn Frāmūz al-shahīr bi-Manlā Khasrū al-Ḥanafī al-mutawaffá sanat 885... Wa-qad ḥulliya Hāmishihi bi-ḥāshiyat al-‘allāmah Abī al-Ikhlāṣ al-Shaykh Ḥasan ibn ‘Imād ibn ‘Alī al-Wafā’ī al-Shurunbulālī al-Ḥanafī al-mawsūm ghunyat dhawī al-iḥkām fī bughyat durar al-Ḥukkām al-mutawaffá sanat 1069. </subfield>
  </datafield>
  <datafield tag="246" ind1="3" ind2="0">
    <subfield code="6">880-03</subfield>
    <subfield code="a">al-Durar al-Ḥukkām fī sharḥ ghurar al-Aḥkām</subfield>
  </datafield>
  <datafield tag="264" ind1=" " ind2="1">
    <subfield code="6">880-04</subfield>
    <subfield code="a">Dār al-Sa‘ādah, [Turkiyā] :</subfield>
    <subfield code="b">Matba‘at Aḥmad Kāmil,</subfield>
    <subfield code="c">1329-1330 H., [1911-1912? M.]</subfield>
  </datafield>
  <datafield tag="300" ind1=" " ind2=" ">
    <subfield code="6">880-05</subfield>
    <subfield code="a">1 volume ;</subfield>
    <subfield code="c">28 cm</subfield>
  </datafield>
  <datafield tag="336" ind1=" " ind2=" ">
    <subfield code="a">text</subfield>
    <subfield code="b">txt</subfield>
    <subfield code="2">rdacontent</subfield>
  </datafield>
  <datafield tag="337" ind1=" " ind2=" ">
    <subfield code="a">unmediated</subfield>
    <subfield code="b">n</subfield>
    <subfield code="2">rdamedia</subfield>
  </datafield>
  <datafield tag="338" ind1=" " ind2=" ">
    <subfield code="a">volume</subfield>
    <subfield code="b">nc</subfield>
    <subfield code="2">rdacarrier</subfield>
  </datafield>
  <datafield tag="500" ind1=" " ind2=" ">
    <subfield code="a">2 جزء ببليوغرافي في 1 جزء مادي.</subfield>
  </datafield>
  <datafield tag="600" ind1="0" ind2="4">
    <subfield code="a">خسرو،</subfield>
    <subfield code="c">ملا،</subfield>
    <subfield code="d">-1480.</subfield>
    <subfield code="t">غرر الأحكام.</subfield>
  </datafield>
  <datafield tag="600" ind1="0" ind2="0">
    <subfield code="a">Hüsrev,</subfield>
    <subfield code="c">Molla,</subfield>
    <subfield code="d">-1480.</subfield>
    <subfield code="t">Ghurar al-aḥkām.</subfield>
  </datafield>
  <datafield tag="650" ind1=" " ind2="4">
    <subfield code="a">الفقه الاسلامي</subfield>
    <subfield code="x">تفسير وبنية</subfield>
    <subfield code="v">اعمال قديمة حتى 1800.</subfield>
  </datafield>
  <datafield tag="650" ind1=" " ind2="4">
    <subfield code="a">المذهب الحنفي</subfield>
    <subfield code="v">اعمال قديمة حتى 1800.</subfield>
  </datafield>
  <datafield tag="650" ind1=" " ind2="0">
    <subfield code="a">Islamic law</subfield>
    <subfield code="x">Interpretation and construction</subfield>
    <subfield code="v">Early works to 1800.</subfield>
  </datafield>
  <datafield tag="650" ind1=" " ind2="0">
    <subfield code="a">Hanafites</subfield>
    <subfield code="v">Early works to 1800.</subfield>
  </datafield>
  <datafield tag="700" ind1="1" ind2="2">
    <subfield code="6">880-06</subfield>
    <subfield code="a">Shurunbulālī, Ḥasan ibn ʻAmmār,</subfield>
    <subfield code="d">1585 or 1586-1659.</subfield>
    <subfield code="t">Ghunyat dhawī al-aḥkām fī bughyat durar al-Ḥukkām.</subfield>
  </datafield>
  <datafield tag="852" ind1=" " ind2=" ">
    <subfield code="a">Jafet Library</subfield>
    <subfield code="e">American University of Beirut, Bliss Street , Beirut, Lebanon.</subfield>
  </datafield>
  <datafield tag="880" ind1="0" ind2=" ">
    <subfield code="6">100-01/(3/r</subfield>
    <subfield code="a">خسرو،</subfield>
    <subfield code="c">ملا،</subfield>
    <subfield code="d">-1480،</subfield>
    <subfield code="e">مؤلف. </subfield>
    <subfield code="4">aut.</subfield>
  </datafield>
  <datafield tag="880" ind1="1" ind2="0">
    <subfield code="6">245-02/(3/r</subfield>
    <subfield code="a">كتاب الدرر الحكام في شرح غرر الأحكام /</subfield>
    <subfield code="c">تأليف العلامة المحقق والفهامة المدقق مولانا القاضي محمد بن فراموز الشهير بمنلا خسرو الحنفي المتوفى سنة 885... وقد حلي هامشه بحاشية العلامة أبي الإخلاص الشيخ حسن إبن عماد بن علي الوفائي الشرنبلالي الحنفي الموسوم غنية ذوي الأحكام في بغية درر الحكام المتوفى سنة 1069.</subfield>
  </datafield>
  <datafield tag="880" ind1="3" ind2="0">
    <subfield code="6">246-03/(3/r</subfield>
    <subfield code="a">الدرر الحكام في شرح غرر الأحكام</subfield>
  </datafield>
  <datafield tag="880" ind1=" " ind2="1">
    <subfield code="6">264-04/(3/r</subfield>
    <subfield code="a">دا رالسعادة، [تركيا] :</subfield>
    <subfield code="b">مطبعة أحمد كامل،</subfield>
    <subfield code="c">1329-1330 هـ.، [1911-1912؟ م.]</subfield>
  </datafield>
  <datafield tag="880" ind1=" " ind2=" ">
    <subfield code="6">300-05/(3/r</subfield>
    <subfield code="a">1 جزء ؛</subfield>
    <subfield code="c">28 سم</subfield>
  </datafield>
  <datafield tag="880" ind1="1" ind2="2">
    <subfield code="6">700-06/(3/r</subfield>
    <subfield code="a">الشرنبلالي، حسن بن عمار،</subfield>
    <subfield code="d">1585  او 1586-1659.</subfield>
    <subfield code="t">غنية ذوي الأحكام في بغية درر الحكام.</subfield>
  </datafield>
  <datafield tag="907" ind1=" " ind2=" ">
    <subfield code="a">.b12475191</subfield>
    <subfield code="b">17-02-17</subfield>
    <subfield code="c">11-05-24</subfield>
  </datafield>
  <datafield tag="907" ind1=" " ind2=" ">
    <subfield code="a">.b12475191</subfield>
    <subfield code="b">11-10-11</subfield>
    <subfield code="c">11-05-24</subfield>
  </datafield>
  <datafield tag="945" ind1=" " ind2=" ">
    <subfield code="f">J</subfield>
    <subfield code="a">349.297:M231dA:v.1-2:c.1</subfield>
    <subfield code="g">1</subfield>
    <subfield code="i">01024580</subfield>
    <subfield code="j">.i12959315</subfield>
    <subfield code="l">u0503</subfield>
  </datafield>
  <datafield tag="998" ind1=" " ind2=" ">
    <subfield code="a">u05</subfield>
    <subfield code="b">97-05-31</subfield>
    <subfield code="c">m</subfield>
    <subfield code="d">a</subfield>
    <subfield code="e">-</subfield>
    <subfield code="f">ara</subfield>
    <subfield code="g">tu </subfield>
    <subfield code="h">0</subfield>
    <subfield code="i">1</subfield>
  </datafield>
</record>
</collection>
